@book{ash1972real,
	title={Real Analysis and Probability},
	author={Ash, R.B.},
	isbn={9780120652013},
	lccn={lc75182642},
	series={Bibliographie-P},
	url={https://books.google.es/books?id=0iTvAAAAMAAJ},
	year={1972},
	publisher={Academic Press}
}

@Article{lebesgue1901,
	Author = {Lebesgue, H.},
	Title = {Sur une g{\'e}n{\'e}ralisation de l'int{\'e}grale d{\'e}finie.},
	FJournal = {Comptes Rendus Hebdomadaires des S{\'e}ances de l'Acad{\'e}mie des Sciences, Paris},
	Journal = {C. R. Acad. Sci., Paris},
	ISSN = {0001-4036},
	Volume = {132},
	Pages = {1025--1028},
	Year = {1901},
	Language = {French},
	zbMATH = {2662570},
	JFM = {32.0299.01}
}

@misc{apuntes_Manolo,
  Author= {Gonz{\'a}lez Hidalgo, Manuel},
  Title = {Notes of the course "C{\'a}lcul Integral en Diverses Variables"},
  Year = {2022},
  Language = {Catalan}
}

@book{brezis,
  title={Functional Analysis, Sobolev Spaces and Partial Differential Equations},
  author={Brezis, H.},
  isbn={9780387709130},
  lccn={2010938382},
  series={Universitext},
  url={https://books.google.es/books?id=GAA2XqOIIGoC},
  year={2010},
  publisher={Springer New York}
}

@book{kolmogorov1957elements,
  title={Elements of the Theory of Functions and Functional Analysis},
  author={Kolmogorov, A.N. and Fomin, S.V.},
  number={v. 1},
  isbn={9789998063754},
  lccn={57004134},
  series={Elements of the Theory of Functions and Functional Analysis},
  url={https://books.google.es/books?id=oyJnbg6aTDIC},
  year={1957},
  publisher={Graylock Press}
}

@book{axler,
  title={Measure, Integration \& Real Analysis},
  author={Axler, S.},
  isbn={9783030331436},
  series={Graduate Texts in Mathematics},
  url={https://books.google.es/books?id=DQ3BDwAAQBAJ},
  year={2019},
  publisher={Springer International Publishing}
}

@inproceedings{hammond2024two,
  title={Two nonlocal variational models for Retinex image decomposition},
  author={Hammond, Frank William and Sbert, Catalina and Duran, Joan},
  booktitle={International Conference on Computer Vision Theory and Applications},
  year={2024},
  organization={SCITEPRESS}
}

@article{duran2014nonlocal,
	title={A nonlocal variational model for pansharpening image fusion},
	author={Duran, Joan and Buades, Antoni and Coll, Bartomeu and Sbert, Catalina},
	journal={SIAM Journal on Imaging Sciences},
	volume={7},
	number={2},
	pages={761--796},
	year={2014}
}

@incollection{Grundbegriffe,
title = {Chapter 75 - A.N. Kolmogorov, Grundbegriffe der wahrscheinlichkeitsrechnung (1933)},
editor = {I. Grattan-Guinness and Roger Cooke and Leo Corry and Pierre Cr√©pel and Niccolo Guicciardini},
booktitle = {Landmark Writings in Western Mathematics 1640-1940},
publisher = {Elsevier Science},
address = {Amsterdam},
pages = {960-969},
year = {2005},
isbn = {978-0-444-50871-3},
doi = {https://doi.org/10.1016/B978-044450871-3/50156-X},
url = {https://www.sciencedirect.com/science/article/pii/B978044450871350156X},
author = {Jan von Plato},
abstract = {Publisher Summary
This chapter describes A.N. Kolmogorov's book, Grundbegriffe der Wahrscheinlichkeitsrechnung (fundamental concepts of probability). In this short book, Kolmogorov laid out the foundations of probability theory in terms of set and measure theory, bringing into definitive form a line of thought among some probabilists of the past three decades. This book has become the symbol of modern measure-theoretic probability theory, its year of appearance 1933 being seen as a turning point that made earlier studies redundant. This book established that set-theoretic foundation. The book proper starts with the axiom system for a finite set of events. The sense of probability that Kolmogorov endorses is addressed, characteristically, in the chapter dealing with the theory of probability for a finite set of events. The strictly infinitary parts of the theory are purely mathematical. These are the theory of conditional probabilities and the construction of a random process as a probability measure over an infinite-dimensional product space. Paul Halmos's book of 1950, Measure theory, the standard treatise on its topic for a long time, devotes one chapter to probability measures.}
}

@book{rudin2006real,
  title={Real and Complex Analysis},
  author={Rudin, W.},
  isbn={9780070619876},
  series={McGraw-Hill series in higher mathematics},
  url={https://books.google.es/books?id=3d8umJoRd08C},
  year={2006},
  publisher={Tata McGraw-Hill}
}
